@inproceedings{Osman:2018:ASR:3195538.3195545,
 author = {Osman, Mohd Hafeez and Zaharin, Mohd Firdaus},
 title = {Ambiguous Software Requirement Specification Detection: An Automated Approach},
 booktitle = {Proceedings of the 5th International Workshop on Requirements Engineering and Testing},
 series = {RET '18},
 year = {2018},
 isbn = {978-1-4503-5749-4},
 location = {Gothenburg, Sweden},
 pages = {33--40},
 numpages = {8},
 url = {http://doi.acm.org/10.1145/3195538.3195545},
 doi = {10.1145/3195538.3195545},
 acmid = {3195545},
 publisher = {ACM},
 address = {New York, NY, USA},
 keywords = {machine learning, requirement engineering, software engineering, text mining},
}

@inproceedings{Deshpande:2019:SAS:3339663.3339744,
 author = {Deshpande, Gouri},
 title = {SReYantra: Automated Software Requirement Inter-dependencies Elicitation, Analysis and Learning},
 booktitle = {Proceedings of the 41st International Conference on Software Engineering: Companion Proceedings},
 series = {ICSE '19},
 year = {2019},
 location = {Montreal, Quebec, Canada},
 pages = {186--187},
 numpages = {2},
 url = {https://doi.org/10.1109/ICSE-Companion.2019.00076},
 doi = {10.1109/ICSE-Companion.2019.00076},
 acmid = {3339744},
 publisher = {IEEE Press},
 address = {Piscataway, NJ, USA},
 keywords = {NLP, machine learning, requirements engineering, requirements inter-dependency management},
}

@inproceedings{Alebrahim:2014:PSP:2721956.2721963,
 author = {Alebrahim, Azadeh and Heisel, Maritta},
 title = {Problem-oriented Security Patterns for Requirements Engineering},
 booktitle = {Proceedings of the 19th European Conference on Pattern Languages of Programs},
 series = {EuroPLoP '14},
 year = {2014},
 isbn = {978-1-4503-3416-7},
 location = {Irsee, Germany},
 pages = {9:1--9:17},
 articleno = {9},
 numpages = {17},
 url = {http://doi.acm.org/10.1145/2721956.2721963},
 doi = {10.1145/2721956.2721963},
 acmid = {2721963},
 publisher = {ACM},
 address = {New York, NY, USA},
 keywords = {problem frames, requirements engineering, security patterns},
}

@inproceedings{Wang:2018:ACI:3239235.3267428,
 author = {Wang, Chong and Zhang, Fan and Liang, Peng and Daneva, Maya and van Sinderen, Marten},
 title = {Can App Changelogs Improve Requirements Classification from App Reviews?: An Exploratory Study},
 booktitle = {Proceedings of the 12th ACM/IEEE International Symposium on Empirical Software Engineering and Measurement},
 series = {ESEM '18},
 year = {2018},
 isbn = {978-1-4503-5823-1},
 location = {Oulu, Finland},
 pages = {43:1--43:4},
 articleno = {43},
 numpages = {4},
 url = {http://doi.acm.org/10.1145/3239235.3267428},
 doi = {10.1145/3239235.3267428},
 acmid = {3267428},
 publisher = {ACM},
 address = {New York, NY, USA},
 keywords = {app changelogs, app reviews, data-driven requirements engineering, machine learning, requirements analysis},
}

@article{Shah:2015:RAN:2815021.2815032,
 author = {Shah, Unnati S. and Jinwala, Devesh C.},
 title = {Resolving Ambiguities in Natural Language Software Requirements: A Comprehensive Survey},
 journal = {SIGSOFT Softw. Eng. Notes},
 issue_date = {September 2015},
 volume = {40},
 number = {5},
 month = sep,
 year = {2015},
 issn = {0163-5948},
 pages = {1--7},
 numpages = {7},
 url = {http://doi.acm.org/10.1145/2815021.2815032},
 doi = {10.1145/2815021.2815032},
 acmid = {2815032},
 publisher = {ACM},
 address = {New York, NY, USA},
 keywords = {Ambiguity, Natural Language Processing, Requirements Engineering},
}

@inproceedings{Woodson:2018:TRR:3190645.3190689,
 author = {Woodson, Clinton and Hayes, Jane Huffman and Griffioen, Sarah},
 title = {Towards Reproducible Research: Automatic Classification of Empirical Requirements Engineering Papers},
 booktitle = {Proceedings of the ACMSE 2018 Conference},
 series = {ACMSE '18},
 year = {2018},
 isbn = {978-1-4503-5696-1},
 location = {Richmond, Kentucky},
 pages = {8:1--8:7},
 articleno = {8},
 numpages = {7},
 url = {http://doi.acm.org/10.1145/3190645.3190689},
 doi = {10.1145/3190645.3190689},
 acmid = {3190689},
 publisher = {ACM},
 address = {New York, NY, USA},
 keywords = {empirical research, information retrieval, machine learning, reproducible research, requirements engineering, statistical analysis, supervised classification learning, text classification},
}

@inproceedings{Alebrahim:2015:APP:2855321.2855357,
 author = {Alebrahim, Azadeh and Heisel, Maritta},
 title = {Applying Performance Patterns for Requirements Analysis},
 booktitle = {Proceedings of the 20th European Conference on Pattern Languages of Programs},
 series = {EuroPLoP '15},
 year = {2015},
 isbn = {978-1-4503-3847-9},
 location = {Kaufbeuren, Germany},
 pages = {35:1--35:15},
 articleno = {35},
 numpages = {15},
 url = {http://doi.acm.org/10.1145/2855321.2855357},
 doi = {10.1145/2855321.2855357},
 acmid = {2855357},
 publisher = {ACM},
 address = {New York, NY, USA},
 keywords = {UML, performance patterns, problem frames, requirements engineering, software architecture},
}

@inproceedings{Wever:2017:ACL:3071178.3071258,
 author = {Wever, Marcel and van Rooijen, Lorijn and Hamann, Heiko},
 title = {Active Coevolutionary Learning of Requirements Specifications from Examples},
 booktitle = {Proceedings of the Genetic and Evolutionary Computation Conference},
 series = {GECCO '17},
 year = {2017},
 isbn = {978-1-4503-4920-8},
 location = {Berlin, Germany},
 pages = {1327--1334},
 numpages = {8},
 url = {http://doi.acm.org/10.1145/3071178.3071258},
 doi = {10.1145/3071178.3071258},
 acmid = {3071258},
 publisher = {ACM},
 address = {New York, NY, USA},
 keywords = {co-evolution, interactive evolution, multi-objective optimization, software engineering},
}

@inproceedings{LopesSilva:2015:DTS:2695664.2695928,
 author = {Lopes Silva, Italo Carlo and Brito, Patrick H. S. and dos S. Neto, Baldoino F. and Costa, Evandro and Silva, Andre Almeida},
 title = {A Decision-making Tool to Support Architectural Designs Based on Quality Attributes},
 booktitle = {Proceedings of the 30th Annual ACM Symposium on Applied Computing},
 series = {SAC '15},
 year = {2015},
 isbn = {978-1-4503-3196-8},
 location = {Salamanca, Spain},
 pages = {1457--1463},
 numpages = {7},
 url = {http://doi.acm.org/10.1145/2695664.2695928},
 doi = {10.1145/2695664.2695928},
 acmid = {2695928},
 publisher = {ACM},
 address = {New York, NY, USA},
 keywords = {architectural decision, recommender systems, software architecture},
}


