@Article{Groen2019,
author="Groen, Eduard C.
and Harrison, Rachel
and Murukannaiah, Pradeep K.
and Vogelsang, Andreas",
title="Guest editorial: special section on artificial intelligence for requirements engineering",
journal="Automated Software Engineering",
year="2019",
month="Sep",
day="01",
volume="26",
number="3",
pages="511--512",
issn="1573-7535",
doi="10.1007/s10515-019-00262-6",
url="https://doi.org/10.1007/s10515-019-00262-6"
}

