@inproceedings{8590177,
    annote = {Citar The field of software engineering turns out to be a fertile ground where many software development and maintenance tasks could be formulated as learning problems and approached in terms of learning algorithms.},
    author = {Marinho, M and Arruda, D and Wanderley, F and Lins, A},
    booktitle = {2018 11th International Conference on the Quality of Information and Communications Technology (QUATIC)},
    doi = {10.1109/QUATIC.2018.00024},
    keywords = {data mining,formal specification,formal verificati},
    pages = {110--118},
    title = {{A Systematic Approach of Dataset Definition for a Supervised Machine Learning Using NFR Framework}},
    year = {2018}
}
@inproceedings{Taj:2019:ADM:3328833.3328837,
    address = {New York, NY, USA},
    author = {Taj, Soonh and Arain, Qasim and Memon, Imran and Zubedi, Asma},
    booktitle = {Proceedings of the 2019 8th International Conference on Software and Information Engineering},
    doi = {10.1145/3328833.3328837},
    isbn = {978-1-4503-6105-7},
    keywords = {Crowdsourcing,Data mining,Functional Requirements and Non-Functional Requir,Requirement classification,Requirement elicitation},
    pages = {42--46},
    publisher = {ACM},
    series = {ICSIE '19},
    title = {{To Apply Data Mining for Classification of Crowd Sourced Software Requirements}},
    url = {http://doi.acm.org/10.1145/3328833.3328837},
    year = {2019}
}
@article{LI2018108,
    author = {Li, Chuanyi and Huang, Liguo and Ge, Jidong and Luo, Bin and Ng, Vincent},
    doi = {10.1016/j.jss.2017.12.028},
    issn = {01641212},
    journal = {Journal of Systems and Software},
    keywords = {Crowdsourcing requirements engineering,Machine learning,Natural language processing,Software requirements classification},
    pages = {108--123},
    title = {{Automatically classifying user requests in crowdsourcing requirements engineering}},
    url = {http://www.sciencedirect.com/science/article/pii/S0164121217303096},
    volume = {138},
    year = {2018}
}
@inproceedings{8049172,
    author = {Abad, Z S H and Karras, O and Ghazi, P and Glinz, M and Ruhe, G and Schneider, K},
    booktitle = {2017 IEEE 25th International Requirements Engineering Conference (RE)},
    doi = {10.1109/RE.2017.36},
    keywords = {Bayes methods,formal specification,learning (artif},
    pages = {496--501},
    title = {{What Works Better? A Study of Classifying Requirements}},
    year = {2017}
}
@inproceedings{6912260,
    author = {Riaz, M and King, J and Slankas, J and Williams, L},
    booktitle = {2014 IEEE 22nd International Requirements Engineering Conference (RE)},
    doi = {10.1109/RE.2014.6912260},
    keywords = {formal specification,learning (artificial intellig},
    month = {aug},
    pages = {183--192},
    title = {{Hidden in plain sight: Automatically identifying security requirements from natural language artifacts}},
    year = {2014}
}
@inproceedings{8719411,
    author = {Iqbal, Tahira and Elahidoost, Parisa and Lucio, Levi},
    booktitle = {Proceedings - Asia-Pacific Software Engineering Conference, APSEC},
    doi = {10.1109/APSEC.2018.00015},
    isbn = {9781728119700},
    issn = {15301362},
    keywords = {Machine learning,Overview,Requirements Engineering,State of the art},
    month = {dec},
    pages = {11--20},
    title = {{A Bird's Eye View on Requirements Engineering and Machine Learning}},
    volume = {2018-Decem},
    year = {2019}
}
@inproceedings{8049170,
    author = {Dekhtyar, A and Fong, V},
    booktitle = {2017 IEEE 25th International Requirements Engineering Conference (RE)},
    doi = {10.1109/RE.2017.26},
    keywords = {Bayes methods,formal specification,learning (artif},
    pages = {484--489},
    title = {{RE Data Challenge: Requirements Identification with Word2Vec and TensorFlow}},
    year = {2017}
}
@inproceedings{6779538,
    author = {Sharma, R and Bhatia, J and Biswas, K K},
    booktitle = {2014 IEEE International Advance Computing Conference (IACC)},
    doi = {10.1109/IAdCC.2014.6779538},
    keywords = {Bayes methods,business data processing,formal spec},
    month = {feb},
    pages = {1442--1447},
    title = {{Automated identification of business rules in requirements documents}},
    year = {2014}
}
@inproceedings{8754214,
    author = {Baker, C and Deng, L and Chakraborty, S and Dehlinger, J},
    booktitle = {2019 IEEE 43rd Annual Computer Software and Applications Conference (COMPSAC)},
    doi = {10.1109/COMPSAC.2019.10275},
    keywords = {convolutional neural nets,formal specification,lea},
    month = {jul},
    pages = {610--615},
    title = {{Automatic Multi-class Non-Functional Software Requirements Classification Using Neural Networks}},
    volume = {2},
    year = {2019}
}
@inproceedings{8049171,
    author = {Kurtanovi{\'{c}}, Z and Maalej, W},
    booktitle = {2017 IEEE 25th International Requirements Engineering Conference (RE)},
    doi = {10.1109/RE.2017.82},
    keywords = {learning (artificial intelligence),meta data,patte},
    pages = {490--495},
    title = {{Automatically Classifying Functional and Non-functional Requirements Using Supervised Machine Learning}},
    year = {2017}
}
@inproceedings{Wang:2018:ACI:3239235.3267428,
    address = {New York, NY, USA},
    author = {Wang, Chong and Zhang, Fan and Liang, Peng and Daneva, Maya and van Sinderen, Marten},
    booktitle = {Proceedings of the 12th ACM/IEEE International Symposium on Empirical Software Engineering and Measurement},
    doi = {10.1145/3239235.3267428},
    isbn = {978-1-4503-5823-1},
    keywords = {app changelogs,app reviews,data-driven requirements engineering,machine learning,requirements analysis},
    pages = {43:1----43:4},
    publisher = {ACM},
    series = {ESEM '18},
    title = {{Can App Changelogs Improve Requirements Classification from App Reviews?: An Exploratory Study}},
    url = {http://doi.acm.org/10.1145/3239235.3267428},
    year = {2018}
}
@inproceedings{7732349,
    author = {Jindal, R and Malhotra, R and Jain, A},
    booktitle = {2016 International Conference on Advances in Computing, Communications and Informatics (ICACCI)},
    doi = {10.1109/ICACCI.2016.7732349},
    keywords = {authorisation,cryptography,data integrity,decision},
    pages = {2027--2033},
    title = {{Automated classification of security requirements}},
    year = {2016}
}
@inproceedings{Lu:2017:ACN:3084226.3084241,
    address = {New York, NY, USA},
    author = {Lu, Mengmeng and Liang, Peng},
    booktitle = {Proceedings of the 21st International Conference on Evaluation and Assessment in Software Engineering},
    doi = {10.1145/3084226.3084241},
    isbn = {978-1-4503-4804-1},
    keywords = {Automatic Classification,Non-Functional Requirements,Textual Semantics,User Reviews},
    pages = {344--353},
    publisher = {ACM},
    series = {EASE'17},
    title = {{Automatic Classification of Non-Functional Requirements from Augmented App User Reviews}},
    url = {http://doi.acm.org/10.1145/3084226.3084241},
    year = {2017}
}
@techreport{Kitchenham2007,
    address = {Durham, UK},
    author = {Kitchenham, B and Charters, S},
    booktitle = {Technical report, Ver. 2.3 EBSE Technical Report. EBSE},
    institution = {Department of Computer Science University of Durham},
    title = {{Guidelines for performing systematic literature reviews in software engineering}},
    year = {2007}
}
@article{METH20131695,
    author = {Meth, Hendrik and Brhel, Manuel and Maedche, Alexander},
    doi = {https://doi.org/10.1016/j.infsof.2013.03.008},
    issn = {0950-5849},
    journal = {Information and Software Technology},
    keywords = {Automation,Requirements Elicitation,Requirements Engineering,Requirements Reuse,Systematic Review},
    number = {10},
    pages = {1695--1709},
    title = {{The state of the art in automated requirements elicitation}},
    url = {http://www.sciencedirect.com/science/article/pii/S0950584913000827},
    volume = {55},
    year = {2013}
}
@techreport{ISO25010,
    author = {{International Organization for Standardization}},
    institution = {International Organization for Standardization},
    title = {{ISO 25010 Systems and software engineering — Systems and software Quality Requirements and Evaluation (SQuaRE) — System and software quality models}},
    type = {Standard},
    year = {2011}
}
@misc{Sayyad-Shirabad+Menzies:2005,
    author = {{Sayyad Shirabad}, J and Menzies, T J},
    howpublished = {School of Information Technology and Engineering, University of Ottawa, Canada},
    title = {{The PROMISE Repository of Software Engineering Databases.}},
    url = {http://promise.site.uottawa.ca/SERepository},
    year = {2005}
}
@book{10.5555/1137754,
    address = {USA},
    author = {Davis, Alan Mark},
    isbn = {0932633641},
    publisher = {Dorset House Publishing Co., Inc.},
    title = {{Just Enough Requirements Management: Where Software Development Meets Marketing}},
    year = {2005}
}
@book{Kotonya:1998:REP:552009,
    author = {Kotonya, Gerald and Sommerville, Ian},
    edition = {1st},
    isbn = {0471972088, 9780471972082},
    publisher = {Wiley Publishing},
    title = {{Requirements Engineering: Processes and Techniques}},
    year = {1998}
}
@book{Wiegers2013,
    address = {Redmond, WA, USA},
    author = {Wiegers, Karl E and Beatty, Joy},
    booktitle = {Microsoft Press},
    edition = {3},
    isbn = {978-0-7356-7966-5},
    publisher = {Microsoft Press},
    title = {{Software Requirements}},
    year = {2013}
}
@article{Alghamdi2015,
    author = {Alghamdi, Rubayyi and Alfalqi, Khalid},
    doi = {10.14569/IJACSA.2015.060121},
    issn = {21565570},
    journal = {International Journal of Advanced Computer Science and Applications},
    number = {1},
    title = {{A Survey of Topic Modeling in Text Mining}},
    url = {http://thesai.org/Publications/ViewPaper?Volume=6{\&}Issue=1{\&}Code=ijacsa{\&}SerialNo=21},
    volume = {6},
    year = {2015}
}
@book{Mitchell:1997:ML:541177,
    address = {New York, NY, USA},
    author = {Mitchell, Thomas M},
    edition = {1},
    isbn = {0070428077, 9780070428072},
    publisher = {McGraw-Hill, Inc.},
    title = {{Machine Learning}},
    year = {1997}
}
@article{Sun2017,
    author = {Sun, Lijun and Yin, Yafeng},
    doi = {10.1016/j.trc.2017.01.013},
    issn = {0968090X},
    journal = {Transportation Research Part C: Emerging Technologies},
    month = {apr},
    pages = {49--66},
    title = {{Discovering themes and trends in transportation research using topic modeling}},
    url = {https://linkinghub.elsevier.com/retrieve/pii/S0968090X17300207},
    volume = {77},
    year = {2017}
}
@article{Alghamdi2015,
    author = {Alghamdi, Rubayyi and Alfalqi, Khalid},
    doi = {10.14569/IJACSA.2015.060121},
    issn = {21565570},
    journal = {International Journal of Advanced Computer Science and Applications},
    number = {1},
    title = {{A Survey of Topic Modeling in Text Mining}},
    url = {http://thesai.org/Publications/ViewPaper?Volume=6{\&}Issue=1{\&}Code=ijacsa{\&}SerialNo=21},
    volume = {6},
    year = {2015}
}
@inproceedings{Cleland-Huang2006,
    author = {Cleland-Huang, J. and Settimi, R. and {Xuchang Zou} and Solc, P.},
    booktitle = {14th IEEE International Requirements Engineering Conference (RE'06)},
    doi = {10.1109/RE.2006.65},
    isbn = {0-7695-2555-5},
    month = {sep},
    pages = {39--48},
    publisher = {IEEE},
    title = {{The Detection and Classification of Non-Functional Requirements with Application to Early Aspects}},
    url = {http://ieeexplore.ieee.org/document/1704047/},
    year = {2006}
}
@article{Cleland-Huang2007,
    author = {Cleland-Huang, Jane and Settimi, Raffaella and Zou, Xuchang and Solc, Peter},
    doi = {10.1007/s00766-007-0045-1},
    issn = {0947-3602},
    journal = {Requirements Engineering},
    month = {may},
    number = {2},
    pages = {103--120},
    title = {{Automated classification of non-functional requirements}},
    url = {http://link.springer.com/10.1007/s00766-007-0045-1},
    volume = {12},
    year = {2007}
}
@inproceedings{Slankas2013,
    author = {Slankas, John and Williams, Laurie},
    booktitle = {2013 1st International Workshop on Natural Language Analysis in Software Engineering (NaturaLiSE)},
    doi = {10.1109/NAturaLiSE.2013.6611715},
    isbn = {978-1-4673-6271-9},
    month = {may},
    pages = {9--16},
    publisher = {IEEE},
    title = {{Automated extraction of non-functional requirements in available documentation}},
    url = {http://ieeexplore.ieee.org/document/6611715/},
    year = {2013}
}
@inproceedings{Glinz2007,
    author = {Glinz, M.},
    booktitle = {15th IEEE International Requirements Engineering Conference (RE 2007)},
    doi = {10.1109/RE.2007.45},
    isbn = {0-7695-2935-6},
    month = {oct},
    pages = {21--26},
    publisher = {IEEE},
    title = {{On Non-Functional Requirements}},
    url = {http://ieeexplore.ieee.org/document/4384163/},
    year = {2007}
}
@inproceedings{Zhang2011AnES,
    author = {Zhang, Wen and Yang, Ye and Wang, Qing and Shu, Fengdi},
    title = {{An Empirical Study on Classification of Non-Functional Requirements}},
    year = {2011}
}
@inproceedings{Knauss2012,
    author = {Knauss, Eric and Damian, Daniela and Poo-Caamano, German and Cleland-Huang, Jane},
    booktitle = {2012 20th IEEE International Requirements Engineering Conference (RE)},
    doi = {10.1109/RE.2012.6345811},
    isbn = {978-1-4673-2785-5},
    month = {sep},
    pages = {251--260},
    publisher = {IEEE},
    title = {{Detecting and classifying patterns of requirements clarifications}},
    url = {http://ieeexplore.ieee.org/document/6345811/},
    year = {2012}
}
@article{Maalej2016,
    author = {Maalej, Walid and Kurtanovi{\'{c}}, Zijad and Nabil, Hadeer and Stanik, Christoph},
    doi = {10.1007/s00766-016-0251-9},
    issn = {0947-3602},
    journal = {Requirements Engineering},
    month = {sep},
    number = {3},
    pages = {311--331},
    title = {{On the automatic classification of app reviews}},
    url = {http://link.springer.com/10.1007/s00766-016-0251-9},
    volume = {21},
    year = {2016}
}
@inproceedings{Yang2015,
    author = {Yang, Hui and Liang, Peng},
    doi = {10.18293/SEKE2015-063},
    month = {jul},
    pages = {7--12},
    title = {{Identification and Classification of Requirements from App User Reviews}},
    url = {http://ksiresearchorg.ipage.com/seke/seke15paper/seke15paper{\_}63.pdf},
    year = {2015}
}
@inproceedings{rehurek_lrec,
    address = {Valletta, Malta},
    annote = {$\backslash$url{\{}http://is.muni.cz/publication/884893/en{\}}},
    author = {Řehůřek, Radim and Sojka, Petr},
    booktitle = {Proceedings of the LREC 2010 Workshop on New Challenges for NLP Frameworks},
    mendeley-groups = {Thesis/Papers/[WIP] Systematic Review/Analysis},
    month = {may},
    pages = {45--50},
    publisher = {ELRA},
    title = {{Software Framework for Topic Modelling with Large Corpora}},
    year = {2010}
}
@inproceedings{Cui2010,
    author = {Cui, Weiwei and Wu, Yingcai and Liu, Shixia and Wei, Furu and Zhou, Michelle X. and Qu, Huamin},
    booktitle = {2010 IEEE Pacific Visualization Symposium (PacificVis)},
    doi = {10.1109/PACIFICVIS.2010.5429600},
    isbn = {978-1-4244-6685-6},
    mendeley-groups = {Thesis/Papers/[WIP] Systematic Review/Analysis},
    month = {mar},
    pages = {121--128},
    publisher = {IEEE},
    title = {{Context preserving dynamic word cloud visualization}},
    url = {http://ieeexplore.ieee.org/document/5429600/},
    year = {2010}
}
