@inproceedings{Lu:2017:ACN:3084226.3084241,
 author = {Lu, Mengmeng and Liang, Peng},
 title = {Automatic Classification of Non-Functional Requirements from Augmented App User Reviews},
 booktitle = {Proceedings of the 21st International Conference on Evaluation and Assessment in Software Engineering},
 series = {EASE'17},
 year = {2017},
 isbn = {978-1-4503-4804-1},
 location = {Karlskrona, Sweden},
 pages = {344--353},
 numpages = {10},
 url = {http://doi.acm.org/10.1145/3084226.3084241},
 doi = {10.1145/3084226.3084241},
 acmid = {3084241},
 publisher = {ACM},
 address = {New York, NY, USA},
 keywords = {Automatic Classification, Non-Functional Requirements, Textual Semantics, User Reviews},
}

@inproceedings{Wang:2018:ACI:3239235.3267428,
 author = {Wang, Chong and Zhang, Fan and Liang, Peng and Daneva, Maya and van Sinderen, Marten},
 title = {Can App Changelogs Improve Requirements Classification from App Reviews?: An Exploratory Study},
 booktitle = {Proceedings of the 12th ACM/IEEE International Symposium on Empirical Software Engineering and Measurement},
 series = {ESEM '18},
 year = {2018},
 isbn = {978-1-4503-5823-1},
 location = {Oulu, Finland},
 pages = {43:1--43:4},
 articleno = {43},
 numpages = {4},
 url = {http://doi.acm.org/10.1145/3239235.3267428},
 doi = {10.1145/3239235.3267428},
 acmid = {3267428},
 publisher = {ACM},
 address = {New York, NY, USA},
 keywords = {app changelogs, app reviews, data-driven requirements engineering, machine learning, requirements analysis},
}

@inproceedings{Woodson:2018:TRR:3190645.3190689,
 author = {Woodson, Clinton and Hayes, Jane Huffman and Griffioen, Sarah},
 title = {Towards Reproducible Research: Automatic Classification of Empirical Requirements Engineering Papers},
 booktitle = {Proceedings of the ACMSE 2018 Conference},
 series = {ACMSE '18},
 year = {2018},
 isbn = {978-1-4503-5696-1},
 location = {Richmond, Kentucky},
 pages = {8:1--8:7},
 articleno = {8},
 numpages = {7},
 url = {http://doi.acm.org/10.1145/3190645.3190689},
 doi = {10.1145/3190645.3190689},
 acmid = {3190689},
 publisher = {ACM},
 address = {New York, NY, USA},
 keywords = {empirical research, information retrieval, machine learning, reproducible research, requirements engineering, statistical analysis, supervised classification learning, text classification},
}

@inproceedings{Taj:2019:ADM:3328833.3328837,
 author = {Taj, Soonh and Arain, Qasim and Memon, Imran and Zubedi, Asma},
 title = {To Apply Data Mining for Classification of Crowd Sourced Software Requirements},
 booktitle = {Proceedings of the 2019 8th International Conference on Software and Information Engineering},
 series = {ICSIE '19},
 year = {2019},
 isbn = {978-1-4503-6105-7},
 location = {Cairo, Egypt},
 pages = {42--46},
 numpages = {5},
 url = {http://doi.acm.org/10.1145/3328833.3328837},
 doi = {10.1145/3328833.3328837},
 acmid = {3328837},
 publisher = {ACM},
 address = {New York, NY, USA},
 keywords = {Crowdsourcing, Data mining, Functional Requirements and Non-Functional Requirements, Requirement classification, Requirement elicitation},
}

@inproceedings{Nurbojatmiko:2018:SIC:3297156.3297200,
 author = {Nurbojatmiko and Budiardjo, Eko K. and Wibowo, Wahyu C.},
 title = {Slr on Identification \& Classification of Non-Functional Requirements Attributes, and Its Representation in Functional Requirements},
 booktitle = {Proceedings of the 2018 2Nd International Conference on Computer Science and Artificial Intelligence},
 series = {CSAI '18},
 year = {2018},
 isbn = {978-1-4503-6606-9},
 location = {Shenzhen, China},
 pages = {151--157},
 numpages = {7},
 url = {http://doi.acm.org/10.1145/3297156.3297200},
 doi = {10.1145/3297156.3297200},
 acmid = {3297200},
 publisher = {ACM},
 address = {New York, NY, USA},
 keywords = {Functional Requirements (FR), NFR attributes, Non-Functional Requirements (NFR), Requirements Engineering (RE)},
}

@inproceedings{Abad:2019:SAD:3339505.3339562,
 author = {Abad, Zahra Shakeri Hossein and Gervasi, Vincenzo and Zowghi, Didar and Far, Behrouz H.},
 title = {Supporting Analysts by Dynamic Extraction and Classification of Requirements-related Knowledge},
 booktitle = {Proceedings of the 41st International Conference on Software Engineering},
 series = {ICSE '19},
 year = {2019},
 location = {Montreal, Quebec, Canada},
 pages = {442--453},
 numpages = {12},
 url = {https://doi.org/10.1109/ICSE.2019.00057},
 doi = {10.1109/ICSE.2019.00057},
 acmid = {3339562},
 publisher = {IEEE Press},
 address = {Piscataway, NJ, USA},
 keywords = {dynamic language models, natural language processing, requirements classification, requirements elicitation, weighted finite state transducers},
}

