@inproceedings{Deshpande:2019:SAS:3339663.3339744,
 author = {Deshpande, Gouri},
 title = {SReYantra: Automated Software Requirement Inter-dependencies Elicitation, Analysis and Learning},
 booktitle = {Proceedings of the 41st International Conference on Software Engineering: Companion Proceedings},
 series = {ICSE '19},
 year = {2019},
 location = {Montreal, Quebec, Canada},
 pages = {186--187},
 numpages = {2},
 url = {https://doi.org/10.1109/ICSE-Companion.2019.00076},
 doi = {10.1109/ICSE-Companion.2019.00076},
 acmid = {3339744},
 publisher = {IEEE Press},
 address = {Piscataway, NJ, USA},
 keywords = {NLP, machine learning, requirements engineering, requirements inter-dependency management},
}