@INPROCEEDINGS{8049156, 
author={M. {Noaeen} and Z. S. H. {Abad} and B. H. {Far}}, 
booktitle={2017 IEEE 25th International Requirements Engineering Conference (RE)}, 
title={Let’s Hear it from RETTA: A Requirements Elicitation Tool for TrAffic Management Systems}, 
year={2017}, 
volume={}, 
number={}, 
pages={450-451}, 
keywords={Android (operating system);Bayes methods;formal specification;graphical user interfaces;learning (artificial intelligence);natural language processing;pattern classification;systems analysis;traffic engineering computing;TM domain;software development;transportation engineering;software systems;nonfunctional requirements;software-reliant systems;RETTA tool;machine learning approaches;Natural Language Processing;requirements engineering;requirements elicitation tool-for-traffic management systems;functional requirements;naïve Bayes method;Android-based devices;Tools;Transportation;Complexity theory;Data analysis;Prototypes;Computational modeling;Requirements engineering;Requirements Engineering;Transportation Management;Tool Development;Traffic Signal Timing}, 
doi={10.1109/RE.2017.78}, 
ISSN={}, 
month={Sep.},}
@INPROCEEDINGS{8802756, 
author={G. {Deshpande}}, 
booktitle={2019 IEEE/ACM 41st International Conference on Software Engineering: Companion Proceedings (ICSE-Companion)}, 
title={SReYantra: Automated Software Requirement Inter-Dependencies Elicitation, Analysis and Learning}, 
year={2019}, 
volume={}, 
number={}, 
pages={186-187}, 
keywords={formal specification;graph theory;learning (artificial intelligence);natural language processing;software engineering;automated software requirement inter-dependencies elicitation;requirements elicitation;natural language based requirements;maintenance;software products;PhD research proposal;requirement dependencies;software development life cycle;natural language processing;SReYantra;NLP;dependencies extraction;graph theoretic algorithms;Requirements Engineering, Requirements Interdependency Management, NLP, Machine Learning}, 
doi={10.1109/ICSE-Companion.2019.00076}, 
ISSN={}, 
month={May},}
@INPROCEEDINGS{8719411, 
author={T. {Iqbal} and P. {Elahidoost} and L. {Lúcio}}, 
booktitle={2018 25th Asia-Pacific Software Engineering Conference (APSEC)}, 
title={A Bird's Eye View on Requirements Engineering and Machine Learning}, 
year={2018}, 
volume={}, 
number={}, 
pages={11-20}, 
keywords={learning (artificial intelligence);problem solving;software engineering;systems analysis;ML;machine learning;software requirement engineering;birds eye view;RE;requirement elicitation;Software;Requirements engineering;Task analysis;Machine learning;Cancer;Machine learning algorithms;Databases;Requirements Engineering;Machine learning;State of the art;Overview}, 
doi={10.1109/APSEC.2018.00015}, 
ISSN={}, 
month={Dec},}
@INPROCEEDINGS{8048886, 
author={E. {Guzman} and M. {Ibrahim} and M. {Glinz}}, 
booktitle={2017 IEEE 25th International Requirements Engineering Conference (RE)}, 
title={A Little Bird Told Me: Mining Tweets for Requirements and Software Evolution}, 
year={2017}, 
volume={}, 
number={}, 
pages={11-20}, 
keywords={data mining;learning (artificial intelligence);social networking (online);software engineering;software applications;software evolution;end-user requirements;requirements engineering;software practitioners;social networks;ranking tweet filtering;ALERTme approach;tweet mining;semantically related tweet grouping;Twitter;Software;Twitter;Data mining;Machine learning algorithms;Computer bugs;Classification algorithms;user feedback;Twitter;software evolution;text mining;requirements elicitation}, 
doi={10.1109/RE.2017.88}, 
ISSN={}, 
month={Sep.},}
@INPROCEEDINGS{6894850, 
author={J. H. {Hayes} and W. {Li} and M. {Rahimi}}, 
booktitle={2014 IEEE 1st International Workshop on Artificial Intelligence for Requirements Engineering (AIRE)}, 
title={Weka meets TraceLab: Toward convenient classification: Machine learning for requirements engineering problems: A position paper}, 
year={2014}, 
volume={}, 
number={}, 
pages={9-12}, 
keywords={decision trees;formal specification;learning (artificial intelligence);pattern classification;TraceLab Weka component;Weka classification trees;requirements research tools;one off solutions;requirements engineering problems;Weka machine learning software suite;Classification tree analysis;Classification algorithms;Machine learning algorithms;Educational institutions;Software;Supervised learning;Artificial intelligence;machine learning;requirements engineering;classification;decision trees;TraceLab;Weka}, 
doi={10.1109/AIRE.2014.6894850}, 
ISSN={}, 
month={Aug},}
@INPROCEEDINGS{8786652, 
author={A. M. {Ebrahimi} and A. A. {Barforoush}}, 
booktitle={2019 27th Iranian Conference on Electrical Engineering (ICEE)}, 
title={Preprocessing Role in Analyzing Tweets Towards Requirement Engineering}, 
year={2019}, 
volume={}, 
number={}, 
pages={1905-1911}, 
keywords={information analysis;learning (artificial intelligence);social networking (online);software engineering;requirements-related tweets;crowdsourcing software requirements;technical stakeholders;software products;software users;machine learning;learning techniques;supervised learning algorithms;natural language processing approach;tweet analysis;Software;Twitter;Computer bugs;Terminology;Electrical engineering;Tagging;Stakeholders;Twitter;User Feedback;Crowd RE;Requirement Elicitation;Data-driven Requirements Engineering;Software Evolution;Text Preprocessing}, 
doi={10.1109/IranianCEE.2019.8786652}, 
ISSN={}, 
month={April},}
@INPROCEEDINGS{7732349, 
author={R. {Jindal} and R. {Malhotra} and A. {Jain}}, 
booktitle={2016 International Conference on Advances in Computing, Communications and Informatics (ICACCI)}, 
title={Automated classification of security requirements}, 
year={2016}, 
volume={}, 
number={}, 
pages={2027-2033}, 
keywords={authorisation;cryptography;data integrity;decision trees;formal specification;message authentication;text analysis;automated classification;security requirements;requirement engineers;software requirement specification;SRS document;text mining techniques;authentication-authorization;access control;cryptography-encryption;data integrity;J48 decision tree method;Software;Predictive models;Text mining;Access control;Cryptography;Analytical models;Non-functional requirements;Text mining;Machine learning;Security requirements;Requirement engineering;Requirement elicitation;Receiver Operating Characteristics}, 
doi={10.1109/ICACCI.2016.7732349}, 
ISSN={}, 
month={Sep.},}
@INPROCEEDINGS{8609673, 
author={M. {Atas} and R. {Samer} and A. {Felfernig}}, 
booktitle={2018 IEEE/WIC/ACM International Conference on Web Intelligence (WI)}, 
title={Automated Identification of Type-Specific Dependencies between Requirements}, 
year={2018}, 
volume={}, 
number={}, 
pages={688-695}, 
keywords={Bayes methods;formal specification;learning (artificial intelligence);nearest neighbour methods;pattern classification;random forests;software engineering;support vector machines;automated identification;type-specific dependencies;requirement dependencies;requirements engineering;textual level;software project;random forest;k-nearest neighbors;Linear SVM;Naive Bayes classifier;Software;Requirements engineering;Stakeholders;Natural language processing;Sports;Time measurement;Global Positioning System;meta knowledge discovery and representation, content-aware analytics, data science, classification techniques, machine learning, requirements engineering}, 
doi={10.1109/WI.2018.00-10}, 
ISSN={}, 
month={Dec},}