@INPROCEEDINGS{8444122, 
author={M. H. {Osman} and M. F. {Zaharin}}, 
booktitle={2018 IEEE/ACM 5th International Workshop on Requirements Engineering and Testing (RET)}, 
title={Ambiguous Software Requirement Specification Detection: An Automated Approach}, 
year={2018}, 
volume={}, 
number={}, 
pages={33-40}, 
keywords={data mining;feature extraction;formal specification;learning (artificial intelligence);pattern classification;project management;software development management;software engineering;software quality;text analysis;automated approach;text mining;Malaysian industrial SRS documents;training set;ambiguous software requirement specification detection;software requirement specification document;crucial document;software development process;initial development phase;machine learning;feature extraction;classification algorithms;working prototype;classification model;Conferences;Requirements engineering;Testing;Software Engineering;Requirement Engineering;Machine Learning;Text Mining}, 
doi={}, 
ISSN={}, 
month={June},}
@INPROCEEDINGS{7883431, 
author={D. {Alrajeh} and A. {Russo} and S. {Uchitel} and J. {Kramer}}, 
booktitle={2016 IEEE/ACM 38th International Conference on Software Engineering Companion (ICSE-C)}, 
title={Logic-Based Learning in Software Engineering}, 
year={2016}, 
volume={}, 
number={}, 
pages={892-893}, 
keywords={formal specification;formal verification;learning (artificial intelligence);pattern classification;pattern clustering;regression analysis;logic-based learning;software engineering;machine learning;ML techniques;program repair;specification mining;risk assessment;software models;declarative rule-based manner;requirements engineering;software design;Software engineering;Requirements engineering;Maintenance engineering;Learning systems;Software systems;Computational modeling}, 
doi={}, 
ISSN={}, 
month={May},}
@INPROCEEDINGS{6894850, 
author={J. H. {Hayes} and W. {Li} and M. {Rahimi}}, 
booktitle={2014 IEEE 1st International Workshop on Artificial Intelligence for Requirements Engineering (AIRE)}, 
title={Weka meets TraceLab: Toward convenient classification: Machine learning for requirements engineering problems: A position paper}, 
year={2014}, 
volume={}, 
number={}, 
pages={9-12}, 
keywords={decision trees;formal specification;learning (artificial intelligence);pattern classification;TraceLab Weka component;Weka classification trees;requirements research tools;one off solutions;requirements engineering problems;Weka machine learning software suite;Classification tree analysis;Classification algorithms;Machine learning algorithms;Educational institutions;Software;Supervised learning;Artificial intelligence;machine learning;requirements engineering;classification;decision trees;TraceLab;Weka}, 
doi={10.1109/AIRE.2014.6894850}, 
ISSN={}, 
month={Aug},}
@INPROCEEDINGS{8587284, 
author={J. {Buchan} and M. {Bano} and D. {Zowghi} and P. {Volabouth}}, 
booktitle={2018 25th Australasian Software Engineering Conference (ASWEC)}, 
title={Semi-Automated Extraction of New Requirements from Online Reviews for Software Product Evolution}, 
year={2018}, 
volume={}, 
number={}, 
pages={31-40}, 
keywords={Bayes methods;feature extraction;learning (artificial intelligence);natural language processing;pattern classification;regression analysis;software development management;support vector machines;text analysis;online reviews;software product evolution;software products;future software releases;potentially unstructured data;noisy data;software release planning decisions;binary classification approach;extracted text;machine learning algorithms;multinomial variants;Bernoulli variants;k-fold cross validation;review sentiment;thousand separate reviews;semiautomated extraction;candidate requirements;unstructured user reviews;noisy online user reviews;machine supported grouping;support release planners;linear support vector machines;Feature extraction;Software;Measurement;Semantics;Support vector machines;Ontologies;Data mining;Software requirements;Feature request;Software product line;Online reviews}, 
doi={10.1109/ASWEC.2018.00013}, 
ISSN={}, 
month={Nov},}
@INPROCEEDINGS{8049156, 
author={M. {Noaeen} and Z. S. H. {Abad} and B. H. {Far}}, 
booktitle={2017 IEEE 25th International Requirements Engineering Conference (RE)}, 
title={Let’s Hear it from RETTA: A Requirements Elicitation Tool for TrAffic Management Systems}, 
year={2017}, 
volume={}, 
number={}, 
pages={450-451}, 
keywords={Android (operating system);Bayes methods;formal specification;graphical user interfaces;learning (artificial intelligence);natural language processing;pattern classification;systems analysis;traffic engineering computing;TM domain;software development;transportation engineering;software systems;nonfunctional requirements;software-reliant systems;RETTA tool;machine learning approaches;Natural Language Processing;requirements engineering;requirements elicitation tool-for-traffic management systems;functional requirements;naïve Bayes method;Android-based devices;Tools;Transportation;Complexity theory;Data analysis;Prototypes;Computational modeling;Requirements engineering;Requirements Engineering;Transportation Management;Tool Development;Traffic Signal Timing}, 
doi={10.1109/RE.2017.78}, 
ISSN={}, 
month={Sep.},}
@INPROCEEDINGS{8786652, 
author={A. M. {Ebrahimi} and A. A. {Barforoush}}, 
booktitle={2019 27th Iranian Conference on Electrical Engineering (ICEE)}, 
title={Preprocessing Role in Analyzing Tweets Towards Requirement Engineering}, 
year={2019}, 
volume={}, 
number={}, 
pages={1905-1911}, 
keywords={information analysis;learning (artificial intelligence);social networking (online);software engineering;requirements-related tweets;crowdsourcing software requirements;technical stakeholders;software products;software users;machine learning;learning techniques;supervised learning algorithms;natural language processing approach;tweet analysis;Software;Twitter;Computer bugs;Terminology;Electrical engineering;Tagging;Stakeholders;Twitter;User Feedback;Crowd RE;Requirement Elicitation;Data-driven Requirements Engineering;Software Evolution;Text Preprocessing}, 
doi={10.1109/IranianCEE.2019.8786652}, 
ISSN={}, 
month={April},}
@INPROCEEDINGS{8115723, 
author={C. {Mills}}, 
booktitle={2017 32nd IEEE/ACM International Conference on Automated Software Engineering (ASE)}, 
title={Towards the automatic classification of traceability links}, 
year={2017}, 
volume={}, 
number={}, 
pages={1018-1021}, 
keywords={information retrieval;learning (artificial intelligence);software maintenance;text analysis;automatic classification;traceability links;software projects;source code;project requirements;interaction diagrams;TLR;software task;relevant documents;test coverage;human effort;machine learning classification models;information retrieval;traceability link recovery;Software;Classification algorithms;Semantics;Predictive models;Measurement;Tuning;software traceability;traceability link recovery;machine learning}, 
doi={10.1109/ASE.2017.8115723}, 
ISSN={}, 
month={Oct},}
@INPROCEEDINGS{8590177, 
author={M. {Marinho} and D. {Arruda} and F. {Wanderley} and A. {Lins}}, 
booktitle={2018 11th International Conference on the Quality of Information and Communications Technology (QUATIC)}, 
title={A Systematic Approach of Dataset Definition for a Supervised Machine Learning Using NFR Framework}, 
year={2018}, 
volume={}, 
number={}, 
pages={110-118}, 
keywords={data mining;formal specification;formal verification;learning (artificial intelligence);pattern classification;systems analysis;text analysis;systematic approach;dataset definition;nonfunctional requirements;software development;system analysis;artificial intelligence techniques;automatic extraction;text documents;systematic process;dataset generation;NFR's classification process;text mining;supervised machine learning techniques;Machine learning;Systematics;Security;Requirements engineering;Usability;non-fucntional requirements;NFR framework;artificial inteligence;machine learning;SIG}, 
doi={10.1109/QUATIC.2018.00024}, 
ISSN={}, 
month={Sep.},}
@INPROCEEDINGS{7765515, 
author={E. {Guzman} and R. {Alkadhi} and N. {Seyff}}, 
booktitle={2016 IEEE 24th International Requirements Engineering Conference (RE)}, 
title={A Needle in a Haystack: What Do Twitter Users Say about Software?}, 
year={2016}, 
volume={}, 
number={}, 
pages={96-105}, 
keywords={DP industry;learning (artificial intelligence);pattern classification;social networking (online);software engineering;statistical analysis;Twitter microblogging platform;tweets;software companies;software applications;automatic classification potential;descriptive statistics;content analysis;machine learning;Software;Twitter;Companies;Stakeholders;Automation;Requirements engineering;Needles}, 
doi={10.1109/RE.2016.67}, 
ISSN={}, 
month={Sep.},}
@INPROCEEDINGS{8320253, 
author={M. {Singh} and G. S. {Walia} and A. {Goswami}}, 
booktitle={2017 International Conference on Machine Learning and Data Science (MLDS)}, 
title={An Empirical Investigation to Overcome Class-Imbalance in Inspection Reviews}, 
year={2017}, 
volume={}, 
number={}, 
pages={15-22}, 
keywords={inspection;learning (artificial intelligence);pattern classification;software fault tolerance;software inspection results;machine learning techniques;raw data;class imbalance problem;false-positive reviews;class-imbalance;fault-slippage;fault misclassification;inspection review classification;Inspection;Motion pictures;Training;Testing;Software;Speech;Natural languages;Fault priority;class imbalance;ensemble;sampling;inspections reviews;part of speech;machine learning;fault slippage}, 
doi={10.1109/MLDS.2017.15}, 
ISSN={}, 
month={Dec},}
@INPROCEEDINGS{7557524, 
author={P. {Wang} and S. {Lin} and M. {Luo}}, 
booktitle={2016 IEEE International Conference on Services Computing (SCC)}, 
title={A Framework for QoS-aware Traffic Classification Using Semi-supervised Machine Learning in SDNs}, 
year={2016}, 
volume={}, 
number={}, 
pages={760-765}, 
keywords={learning (artificial intelligence);quality of service;software defined networking;QoS aware traffic classification framework;semisupervised machine learning;SDN;software defined networks;network traffic;QoS aware traffic engineering;network controller;deep packet inspection;DPI;Quality of service;Real-time systems;Engines;Training;Control systems;Classification algorithms;Support vector machines;Traffic classification;SDN;QoS;Semi-supervised}, 
doi={10.1109/SCC.2016.133}, 
ISSN={}, 
month={June},}
@INPROCEEDINGS{8012677, 
author={M. {Glick} and H. {Rastegarfar}}, 
booktitle={2017 IEEE Photonics Society Summer Topical Meeting Series (SUM)}, 
title={Scheduling and control in hybrid data centers}, 
year={2017}, 
volume={}, 
number={}, 
pages={115-116}, 
keywords={computer centres;electro-optical devices;learning (artificial intelligence);optical communication equipment;resource allocation;software defined networking;telecommunication scheduling;scheduling issues;hybrid electrical-optical data center networks;flexible resource provisioning;programmable resource provisioning;centralized software-defined network control;flow classification;machine learning;Optical switches;Optical fiber networks;Optical packet switching;Image motion analysis;Computer vision;Mice}, 
doi={10.1109/PHOSST.2017.8012677}, 
ISSN={}, 
month={July},}
@INPROCEEDINGS{8646010, 
author={M. G. {Gramajo} and L. {Ballejos} and M. {Ale}}, 
booktitle={2018 IEEE Biennial Congress of Argentina (ARGENCON)}, 
title={Software Requirements Engineering through Machine Learning Techniques: A Literature Review}, 
year={2018}, 
volume={}, 
number={}, 
pages={1-7}, 
keywords={learning (artificial intelligence);software engineering;systems analysis;software products;AA techniques;systematic mapping;software development environments;software requirements engineering;machine learning techniques;Software;Requirements engineering;Machine learning;Supervised learning;Erbium;Proposals;Bibliographies;Aprendizaje Automático;Aprendizaje Supervisado;Ingeniería de Requerimientos}, 
doi={10.1109/ARGENCON.2018.8646010}, 
ISSN={}, 
month={June},}